@article{intro_inertial_navigation,
	author = "Oliver J. Woodman",
	title	= "An introduction to inertial navigation",
	year = "2007",
	journal = "Tech. Report UCAM-CL-TR-696, University of Cambridge, Computer Laboratory",
	url = "https://www.cl.cam.ac.uk/techreports/UCAM-CL-TR-696.pdf"
}

@article{imu_calib_01,
	author = "David Tedaldi, Alberto Pretto and Emanuele Menegatti",
	title	= "A Robust and Easy to Implement Method for IMU Calibration without External Equipments",
	year = "2014",
	journal = "In IEEE International Conference on Robotics and Automation (ICRA 2014)",
	url = "http://www.dis.uniroma1.it/~pretto/papers/tpm_icra2014.pdf"
}

@article{imu_calib_02,
	author = "Alberto Pretto and Giorgio Grisetti",
	title	= "Calibration and performance evaluation of low-cost IMUs",
	year = "2014",
	journal = "In Proceedings of the 20th IMEKO TC4 International Symposium and the 18th International Workshop on ADC Modelling and Testing",
	url = "http://www.dis.uniroma1.it/~pretto/papers/pg_imeko2014.pdf"
}

@article{localization,
	author = "Shoudong Huang and Gamini Dissanayake",
	title	= "Robot Localization: An Introduction",
	year = "2016",
	journal = "John Wiley \& Sons, Inc.",
	url = "https://onlinelibrary.wiley.com/doi/full/10.1002/047134608X.W8318"
}

@article{magnetometer_in_inertial_nav,
	author = "David P. Anderson",
	title	= "IMU ODOMETRY",
	year = "2006",
	url = "http://seattlerobotics.org/encoder/200610/Article3/IMU%20Odometry,%20by%20David%20Anderson.htm"
}

@article{diff_drive,
	title	= "Differential Drive Robots",
	url = "http://www.cs.columbia.edu/~allen/F15/NOTES/icckinematics.pdf"
}

@book{imu_prod_spec,
	title	= "PS-MPU-9250A-01, MPU-9250 Product Specification",
	year = "2016",
	publisher = "InvenSense Inc.",
	url = "https://www.invensense.com/wp-content/uploads/2015/02/PS-MPU-9250A-01-v1.1.pdf"
}

@book{imu_regs,
	title	= "RM-MPU-9250A-00, MPU-9250 Register Map and Descriptions",
	year = "2015",
	publisher = "InvenSense Inc.",
	url = "https://www.invensense.com/wp-content/uploads/2015/02/RM-MPU-9250A-00-v1.6.pdf"
}

@book{enc_datasheet,
	title	= "KY-040 rotary encoder Datasheet",
	publisher = "Handson Technology",
	url = "https://www.handsontec.com/dataspecs/module/Rotary%20Encoder.pdf"
}

@book{mega2560_datasheet,
	title	= "Atmel ATmega640/V-1280/V-1281/V-2560/V-2561/V Datasheet",
	publisher = "Atmel",
	url = "https://ww1.microchip.com/downloads/en/devicedoc/atmel-2549-8-bit-avr-microcontroller-atmega640-1280-1281-2560-2561_datasheet.pdf"
}
