@mastersthesis{Graziano:BscThesis:2019,
	author = {Filippo Graziano},
	title = {{Differential Drive and Inertial Navigation Robot}},
	school = {Sapienza University of Rome},
	month = {July},
	year = {2019},
	type = {{Bachelor's thesis}},
	url = "https://github.com/FilippoGraziano98/Acquisition_Platform/blob/master/docs/thesis.pdf"
}

@book{prob_rob,
	title	= "Probabilistic Robotics Course",
	author = "Giorgio Grisetti",
	publisher = "Sapienza University of Rome",
	url = "https://gitlab.com/grisetti/probabilistic_robotics_2018_19"
}
